@article{BrownMathematicsOfSMT1993,
    author = {Peter F. Brown and Stephen A. Della Pietra and Vincent J. Della Pietra and Robert L. Mercer},
    title = {The Mathematics of Statistical Machine Translation: Parameter Estimation},
    journal = {Computational Linguistics},
    year = {1993}
}

@inproceedings{BahdanauNMT2015,
    author = {Dzmitry Bahdanau and KyungHyun Cho and Yoshua Bengio},
    title = {Neural Machine Translation by Jointly Learning to Align and Translate},
    booktitle = {Proceedings of the International Conference on Learning Representations},
    year = {2015}
}

@inproceedings{VaswaniTransformers2017,
    author = {Ashish Vaswani and Noam Shazeer and Niki Parmar and Jakob Uszkoreit and Llion Jones and Aidan N. Gomez and Lukasz Kaiser},
    title = {Attention Is All You Need},
    booktitle = {Proceedings of the 31st International Conference on Neural Information Processing Systems},
    year = {2017}
}

@conference{GuNonAutoregressive2018,
    author = {Jiatao Gu and James Bradbury and Caiming Xiong and Victor O.K. Li and Richard Socher},
    booktitle = {Proceedings of the International Conference on Learning Representations},
    title = {Non-Autoregressive Neural Machine Translation},
    year = {2018}
}

@conference{KasaiDeepEncoders2021,
    author = {Jungo Kasai and Nikolaos Pappas and Hao Peng and James Cross and Noah A. Smith},
    booktitle = {Proceedings of the International Conference on Learning Representations},
    title = {Deep Encoder, Shallow Decoder: Reevaluating Non-Autoregressive Machine Translation},
    year = {2021}
}

@misc{WuGoogleTranslate2016,
    author = {Yonghui Wu and Mike Schuster and Zhifeng Chen and Quoc V. Le and Mohammad Norouzi},
    title = {Google's Neural Machine Translation System: Bridging the Gap between Human and Machine Translation},
    year = {2016}
}

@misc{DeepL,
    author = {DeepL},
    url = {https://developers.deepl.com/docs}
}

@inproceedings{BaldwinNoisyText2013,
    author = {Timothy Baldwin and Paul Cook, Marco Lui and Andrew MacKinlay and Li Wang},
    title = {How Noisy Social Media Text, How Diffrnt Social Media Sources},
    booktitle = {Proceedings of the Sixth International Joint Conference on Natural Language Processing},
    year = {2013} 
}

@inproceedings{Junczys-DowmuntMarian2018,
    author = {Marcin Junczys-Dowmunt and Roman Grundkiewicz and Tomasz Dwojak and Hieu Hoang and Kenneth Heafield adn Tom Neckermann and Frank Seide and Ulrich Germann and Alham Fikri Aji and Nikolay Bogoychev and André F. T. Martins and Alexandra Birch},
    title = {Marian: Fast Neural Machine Translation in C++},
    booktitle = {Proceedings of ACL 2018, System Demonstrations},
    year = {2018}
}

@inproceedings{TiedemannOPUS2020,
    author = {Jörg Tiedemann and Santhosh Thottingal},
    title = {OPUS-MT - Building open translation services for the World},
    booktitle = {Proceedings of the 22nd Annual Conference of the European Association for Machine Translation},
    year = {2020}
}

@article{FanEnglishCentric2021,
    author = {Angela Fan and Shruti Bhosale and Holger Schwenk and Zhiyi Ma},
    title = {Beyond english-centric multilingual machine translation},
    journal = {The Journal of Machine Learning Research},
    volume = {22},
    issue = {1},
    year = {2021}
}

@inproceedings{PeinelttBERT2020,
    author = {Nicole Peinelt and Dong Nguyen and Maria Liakata},
    title = {tBERT: Topic Models and BERT Joining Forces for Semantic Similarity Detection},
    booktitle = {Proceedings of the 58th Annual Meeting of the Association for Computational Linguistics},
    year = {2020}
}

@inproceedings{ZafrirQ8BERT2019,
    author = {Ofir Zafrir and Guy Boudoukh and Peter Izsak and Moshe Wasserblat},
    title = {Q8BERT: Quantized 8Bit BERT},
    booktitle = {5th Workshop on Energy Efficient Machine Learning and Cognitive Computing},
    year = {2019}
}

@misc{PyTorch,
    author = {PyTorch},
    url = {https://pytorch.org} 
}

@misc {HuggingFace,
    author = {Hugging Face},
    url = {https://huggingface.co/docs/transformers/en/index}
}

@misc{ONNX,
    author = {ONNX Runtime},
    url = {https://onnxruntime.ai}
}

@inproceedings{PapineniBLEU2002,
    author = {Kishore Papineni and Salim Roukos and Todd Ward and Wei-Jing Zhu},
    title = {BLEU: a method for automatic evaluation of machine translation},
    booktitle = {Proceedings of the 40th Annual Meeting on Association for Computational Linguistics},
    year = {2002}
}

@inproceedings{BanerjeeMETEOR2005,
    author = {Satanjeev Banerjee and Alon Lavie},
    title = {METEOR: An Automatic Metric for MT Evaluation with Improved Correlation with Human Judgments},
    booktitle = {Proceedings of the ACL Workshop on Intrinsic and Extrinsic Evaluation Measures for Machine Translation and/or Summarization},
    year = {2005}
}

@inproceedings{PopovicCHRF2015,
    author = {Maja Popović},
    title = {chrF: character n-gram F-score for automatic MT evaluation},
    booktitle = {Proceedings of the Tenth Workshop on Statistical Machine Translation},
    year = {2015}
}